@TechReport{reqs_doc,
author = {The Fair Traders},
title = {OpenBazaar Redevelopment - Requirements},
institution = {McMaster University},
year = {2015},
OPTkey = {•},
OPTtype = {•},
OPTnumber = {•},
OPTaddress = {•},
OPTmonth = {•},
OPTnote = {•},
OPTannote = {•}
}

@TechReport{design_doc,
author = {The Fair Traders},
title = {OpenBazaar Redevelopment - Design Document},
institution = {McMaster University},
year = {2015},
OPTkey = {•},
OPTtype = {•},
OPTnumber = {•},
OPTaddress = {•},
OPTmonth = {•},
OPTnote = {•},
OPTannote = {•}
}
